<?xml version='1.0' encoding='UTF-8'?>
<record xmlns="http://www.loc.gov/MARC21/slim">
  <leader>00990cam a2200253 a 4500</leader>
  <controlfield tag="001">2742994</controlfield>
  <controlfield tag="003">NjP</controlfield>
  <controlfield tag="005">20100809202710.0</controlfield>
  <controlfield tag="008">840604m19631965iq ab    b    000 0 arard</controlfield>
  <datafield tag="024" ind1="7" ind2=" ">
    <subfield code="a">princeton_aco002525</subfield>
    <subfield code="2">local</subfield>
  </datafield>
  <datafield ind1=" " ind2=" " tag="010">
    <subfield code="a">   64002117 /NE//r </subfield>
  </datafield>
  <datafield ind1=" " ind2=" " tag="035">
    <subfield code="a">(OCoLC)ocm10803258</subfield>
  </datafield>
  <datafield ind1=" " ind2=" " tag="035">
    <subfield code="9">CND3330TS</subfield>
  </datafield>
  <datafield ind1=" " ind2=" " tag="040">
    <subfield code="a">IXA</subfield>
    <subfield code="c">IXA</subfield>
    <subfield code="d">CUS</subfield>
    <subfield code="d">PUL</subfield>
  </datafield>
  <datafield ind1=" " ind2="0" tag="050">
    <subfield code="a">GB1359.I7</subfield>
    <subfield code="b">S6</subfield>
  </datafield>
  <datafield ind1="1" ind2=" " tag="100">
    <subfield code="a">Sousa, Ahmed.</subfield>
  </datafield>
  <datafield ind1="1" ind2="0" tag="245">
    <subfield code="a">Fayaḍānāt Baghdād fī al-tārīkh :</subfield>
    <subfield code="b">baḥth fī tārīkh fayaḍānāt anhur al-ʻIrāq wa-taʾthīruhā bi-al-nisbah li-madīnat Baghdād --- /</subfield>
    <subfield code="c">Aḥmad Sūsah.</subfield>
  </datafield>
  <datafield ind1=" " ind2=" " tag="260">
    <subfield code="a">Baghdād :</subfield>
    <subfield code="b">Al-Adib Press,</subfield>
    <subfield code="c">1963-1965.</subfield>
  </datafield>
  <datafield ind1=" " ind2=" " tag="300">
    <subfield code="a">3 v. (xxii, 1218 p.) :</subfield>
    <subfield code="b">ill., maps ;</subfield>
    <subfield code="c">24 cm.</subfield>
  </datafield>
  <datafield ind1=" " ind2=" " tag="500">
    <subfield code="a">Added t.p. in English: The floods of Baghdad in history.</subfield>
  </datafield>
  <datafield ind1=" " ind2=" " tag="504">
    <subfield code="a">Includes bibliographical references.</subfield>
  </datafield>
  <datafield ind1=" " ind2="0" tag="650">
    <subfield code="a">Floods</subfield>
    <subfield code="z">Iraq.</subfield>
  </datafield>
  <datafield ind1="4" ind2=" " tag="740">
    <subfield code="a">The floods of Baghdad in history.</subfield>
  </datafield>
  <datafield ind1=" " ind2=" " tag="945">
    <subfield code="a">F</subfield>
    <subfield code="b">1</subfield>
    <subfield code="c">2276.033.334</subfield>
    <subfield code="e">v.1-3</subfield>
  </datafield>
  <datafield ind1=" " ind2=" " tag="911">
    <subfield code="a">20000130</subfield>
  </datafield>
  <datafield ind1="0" ind2="1" tag="852">
    <subfield code="0">3053652</subfield>
    <subfield code="b">nec</subfield>
    <subfield code="t">1</subfield>
    <subfield code="h">GB1359.I7</subfield>
    <subfield code="i">S6 1963</subfield>
  </datafield>
  <datafield ind1=" " ind2="0" tag="866">
    <subfield code="0">3053652</subfield>
    <subfield code="8">0</subfield>
    <subfield code="a">v.1-3</subfield>
  </datafield>
  <datafield ind1=" " ind2=" " tag="959">
    <subfield code="a">2009-07-07 11:46:41 -0500</subfield>
  </datafield>
</record>
